@misc{Amersdorffer,
         author = {Daniel Amersdorffer and Florian Bauhuber and Roman Egger and Jens Oellrich},
           title = {Social Web im Tourismus},
       publisher = {Springer Berlin Heidelberg},
            year = {2010},
             url = {http://ebooks.ub.uni-muenchen.de/22574/}
        }
}


@misc{Koj,
  author = "Koj, Malte",
  title  = {{Website--Marketing}},
  year   = {2012},
  howpublished = {{\newline http://www.klick-it.de/marketing/website-marketing.html}},
  note = {Abruf am 11. Oktober 2012}
}

@misc{Missfeld,
  author = "Miﬂfeld, Martin",
  title  = {{Was ist Authority? Wie wird eine Website zur Autorit‰t?}},
  year   = {2010},
  howpublished = {{\newline http://www.tagseoblog.de/was-ist-authority-wie-wird-eine-website-zur-autoritaet}},
  note = {Abruf am 11. Oktober 2012}
}
